<?xml version="1.0" encoding="UTF-8" ?>
<collection xmlns:xsi="http://www.w3.org/2001/XMLSchema-instance" xsi:schemaLocation="http://www.loc.gov/MARC21/slim http://www.loc.gov/standards/marcxml/schema/MARC21slim.xsd" xmlns="http://www.loc.gov/MARC21/slim">
   <record>
      <leader>     cam a22      a 4500</leader>
      <controlfield tag="001">5666861</controlfield>
      <controlfield tag="003">NIC</controlfield>
      <controlfield tag="005">20131119175113.0</controlfield>
      <controlfield tag="008">981005s1951    ua       b    001 0 ara d</controlfield>
      <datafield tag="035" ind1=" " ind2=" ">
         <subfield code="a">(OCoLC)60506111</subfield>
      </datafield>
      <datafield tag="035" ind1=" " ind2=" ">
         <subfield code="a">5666861</subfield>
      </datafield>
      <datafield tag="040" ind1=" " ind2=" ">
         <subfield code="a">MEAUC</subfield>
         <subfield code="c">MEAUC</subfield>
         <subfield code="d">NIC</subfield>
      </datafield>
      <datafield tag="050" ind1=" " ind2="4">
         <subfield code="a">PJ6075</subfield>
         <subfield code="b">.F83 1951</subfield>
      </datafield>
      <datafield tag="100" ind1="1" ind2=" ">
         <subfield code="a">Fück, Johann,</subfield>
         <subfield code="d">1894-1974.</subfield>
      </datafield>
      <datafield tag="240" ind1="1" ind2="0">
         <subfield code="a">Arabiya.</subfield>
         <subfield code="l">Arabic</subfield>
      </datafield>
      <datafield tag="245" ind1="1" ind2="3">
         <subfield code="a">al-ʻArabīyah :</subfield>
         <subfield code="b">dirāsāt fī al-lughah wa-al-lahajāt wa-al-asālīb /</subfield>
         <subfield code="c">min ʻamal Yūhān Fik ; naqqalahu ilá al-ʻArabīyah wa-ḥaqqaqahu wa-fahrasa lahu ʻAbd al-Ḥalīm al-Najjār ; bi-taṣdīr Aḥmad Amīn Bik ; wa-taqdīm Muḥammad Yūsuf Mūsá.</subfield>
      </datafield>
      <datafield tag="260" ind1=" " ind2=" ">
         <subfield code="a">al-Qāhirah :</subfield>
         <subfield code="b">Maktabat al-Khānjī bi-Miṣr,</subfield>
         <subfield code="c">1951.</subfield>
      </datafield>
      <datafield tag="300" ind1=" " ind2=" ">
         <subfield code="a">290 p. ;</subfield>
         <subfield code="c">24 cm.</subfield>
      </datafield>
      <datafield tag="500" ind1=" " ind2=" ">
         <subfield code="a">At head of title: Jamāʻat al-Azhar lil-Nashr wa-al-Taʾlīf.</subfield>
      </datafield>
      <datafield tag="504" ind1=" " ind2=" ">
         <subfield code="a">Includes bibliographical references and index.</subfield>
      </datafield>
      <datafield tag="650" ind1=" " ind2="0">
         <subfield code="a">Arabic language</subfield>
         <subfield code="x">Grammar.</subfield>
      </datafield>
      <datafield tag="650" ind1=" " ind2="0">
         <subfield code="a">Arabic language</subfield>
         <subfield code="x">History.</subfield>
      </datafield>
      <datafield tag="700" ind1="1" ind2=" ">
         <subfield code="a">Najjār, ʻAbd al-Ḥalīm.</subfield>
      </datafield>
      <datafield tag="903" ind1=" " ind2=" ">
         <subfield code="a">NYUACO</subfield>
         <subfield code="d">20131119</subfield>
         <subfield code="p">31924100785850</subfield>
      </datafield>
      <datafield tag="948" ind1="0" ind2=" ">
         <subfield code="a">20050919</subfield>
         <subfield code="b">i</subfield>
         <subfield code="d">ah16</subfield>
         <subfield code="e">cts</subfield>
      </datafield>
      <datafield tag="948" ind1="1" ind2=" ">
         <subfield code="a">20050919</subfield>
         <subfield code="b">o</subfield>
         <subfield code="d">ah16</subfield>
         <subfield code="e">cts</subfield>
      </datafield>
      <datafield tag="948" ind1="2" ind2=" ">
         <subfield code="a">20060217</subfield>
         <subfield code="b">m</subfield>
         <subfield code="d">bmt1</subfield>
         <subfield code="e">cts</subfield>
      </datafield>
      <datafield tag="948" ind1="2" ind2=" ">
         <subfield code="a">20100823</subfield>
         <subfield code="b">m</subfield>
         <subfield code="d">batch</subfield>
         <subfield code="e">lts</subfield>
         <subfield code="x">del9XXtxt</subfield>
      </datafield>
      <datafield tag="995" ind1=" " ind2=" ">
         <subfield code="a">Hivolm</subfield>
         <subfield code="d">20100823</subfield>
      </datafield>
      <datafield tag="903" ind1=" " ind2=" ">
         <subfield code="a">NYUACO</subfield>
         <subfield code="d">20140402</subfield>
         <subfield code="p">31924100785850</subfield>
      </datafield>
      <datafield tag="950" ind1=" " ind2=" ">
         <subfield code="a">PJ6075</subfield>
         <subfield code="b">.F83 1951</subfield>
         <subfield code="v"> </subfield>
      </datafield>
   </record>
</collection>
